<?xml version="1.0" encoding="UTF-8"?><collection xmlns="http://www.loc.gov/MARC21/slim"><record><leader>00544nam--2200145-i-4500</leader><controlfield tag="001">000009572</controlfield><controlfield tag="002">20161230</controlfield><controlfield tag="005">20170211150358</controlfield><controlfield tag="008">060222s1000------------r-----000-0-eng-d</controlfield><datafield ind1=" " ind2=" " tag="100"><subfield code="a">Cavallini, Pierre</subfield></datafield><datafield ind1=" " ind2=" " tag="245"><subfield code="a">Contribution a la separation de produits de fi ssion a l etat de chlorures. Application a la mesure de rendements independants et a la spec trometrie d isotopes du niobium</subfield><subfield code="b">these</subfield></datafield><datafield ind1=" " ind2=" " tag="260"><subfield code="a">Grenoble</subfield><subfield code="b">Faculte Des Sciences De L Universite De Grenoble</subfield><subfield code="c">1969</subfield></datafield><datafield ind1=" " ind2=" " tag="300"><subfield code="a">57 p</subfield></datafield><datafield ind1=" " ind2=" " tag="852"><subfield code="a">621.039.3</subfield></datafield><datafield ind1=" " ind2=" " tag="CAT"><subfield code="a">SYS</subfield><subfield code="c">20170211</subfield><subfield code="h">150358</subfield></datafield></record></collection>